<?xml version="1.0" encoding="UTF-8"?><collection xmlns="http://www.loc.gov/MARC21/slim"><record><leader>00353nam--2200133-i-4500</leader><controlfield tag="001">000030767</controlfield><controlfield tag="002">20161230</controlfield><controlfield tag="005">20161230201038</controlfield><controlfield tag="008">060222s1000------------r-----000-0-eng-d</controlfield><datafield ind1=" " ind2=" " tag="100"><subfield code="a">Mcdaniel, E.W</subfield></datafield><datafield ind1=" " ind2=" " tag="245"><subfield code="a">Mason edward a</subfield></datafield><datafield ind1=" " ind2=" " tag="260"><subfield code="a">The Mobility And Diffusion Of Ions In Bases</subfield></datafield><datafield ind1=" " ind2=" " tag="490"><subfield code="a">London, John Wiley &amp; Sons, 1973. Vii + 372p</subfield></datafield><datafield ind1=" " ind2=" " tag="852"><subfield code="a">533.15</subfield></datafield></record></collection>